@misc{sutton2011reinforcement,
  title={Reinforcement learning: An introduction},
  author={Sutton, Richard S and Barto, Andrew G},
  year={2011},
  publisher={Cambridge Univ Press}
}
