@misc{sutton2011reinforcement,
  title={Reinforcement learning: An introduction},
  author={Sutton, Richard S and Barto, Andrew G},
  year={2011},
  publisher={Cambridge Univ Press}
}

@article{bertsekas1995counterexample,
  title={A counterexample to temporal differences learning},
  author={Bertsekas, Dimitri P},
  journal={Neural Computation},
  volume={7},
  number={2},
  pages={270--279},
  year={1995},
  publisher={MIT Press}
}