@book{sutton1998reinforcement,
  title={Reinforcement learning: An introduction},
  author={Sutton, Richard S and Barto, Andrew G},
  year={1998},
  publisher={MIT press Cambridge}
}



@phdthesis{maei2011gradient,
	title={Gradient temporal-difference learning algorithms},
	  author={Maei, Hamid Reza},
	  year={2011},
	school={University of Alberta}
}


@inproceedings{sutton2009convergent,
  title={A Convergent $ O (n) $ Temporal-difference Algorithm for Off-policy Learning with Linear Function Approximation},
  author={Sutton, Richard S and Maei, Hamid R and Szepesv{\'a}ri, Csaba},
  booktitle={Advances in Neural Information Processing Systems},
  pages={1609--1616},
  year={2009}
}

@inproceedings{sutton2009fast,
  title={Fast gradient-descent methods for temporal-difference learning with linear function approximation},
  author={Sutton, Richard S and Maei, Hamid Reza and Precup, Doina and Bhatnagar, Shalabh and Silver, David and Szepesv{\'a}ri, Csaba and Wiewiora, Eric},
  booktitle={Proceedings of the 26th Annual International Conference on Machine Learning},
  pages={993--1000},
  year={2009},
  organization={ACM}
}

@inproceedings{liu2015finite,
  title={Finite-Sample Analysis of Proximal Gradient TD Algorithms.},
  author={Liu, Bo and Liu, Ji and Ghavamzadeh, Mohammad and Mahadevan, Sridhar and Petrik, Marek},
  booktitle={UAI},
  pages={504--513},
  year={2015},
  organization={Citeseer}
}



@article{bradtke1996linear,
  title={Linear least-squares algorithms for temporal difference learning},
  author={Bradtke, Steven J and Barto, Andrew G},
  journal={Machine learning},
  volume={22},
  number={1-3},
  pages={33--57},
  year={1996},
  publisher={Springer}
}

@article{bertsekas2009projected,
  title={Projected equation methods for approximate solution of large linear systems},
  author={Bertsekas, Dimitri P and Yu, Huizhen},
  journal={Journal of Computational and Applied Mathematics},
  volume={227},
  number={1},
  pages={27--50},
  year={2009},
  publisher={Elsevier}
}

@inproceedings{yu2010convergence,
  title={Convergence of least squares temporal difference methods under general conditions},
  author={Yu, Huizhen},
  booktitle={Proceedings of the 27th International Conference on Machine Learning (ICML-10)},
  pages={1207--1214},
  year={2010}
}

@inproceedings{lazaric2010finite,
  title={Finite-sample analysis of LSTD},
  author={Lazaric, Alessandro and Ghavamzadeh, Mohammad and Munos, R{\'e}mi},
  booktitle={Proceedings of the 27th International Conference on Machine Learning (ICML-10)},
  pages={615--622},
  year={2010}
}


@inproceedings{silver2014deterministic,
  title={Deterministic policy gradient algorithms},
  author={Silver, David and Lever, Guy and Heess, Nicolas and Degris, Thomas and Wierstra, Daan and Riedmiller, Martin},
  booktitle={Proceedings of the 31st International Conference on Machine Learning (ICML-14)},
  pages={387--395},
  year={2014}
}

@inproceedings{bhatnagar2009convergent,
  title={Convergent temporal-difference learning with arbitrary smooth function approximation},
  author={Bhatnagar, Shalabh and Precup, Doina and Silver, David and Sutton, Richard S and Maei, Hamid R and Szepesv{\'a}ri, Csaba},
  booktitle={Advances in Neural Information Processing Systems},
  pages={1204--1212},
  year={2009}
}

@book{meyn2012markov,
  title={Markov chains and stochastic stability},
  author={Meyn, Sean P and Tweedie, Richard L},
  year={2012},
  publisher={Springer Science \& Business Media}
}

@article{duchi2012ergodic,
  title={Ergodic mirror descent},
  author={Duchi, John C and Agarwal, Alekh and Johansson, Mikael and Jordan, Michael I},
  journal={SIAM Journal on Optimization},
  volume={22},
  number={4},
  pages={1549--1578},
  year={2012},
  publisher={SIAM}
}

@article{nemirovski2009robust,
  title={Robust stochastic approximation approach to stochastic programming},
  author={Nemirovski, Arkadi and Juditsky, Anatoli and Lan, Guanghui and Shapiro, Alexander},
  journal={SIAM Journal on Optimization},
  volume={19},
  number={4},
  pages={1574--1609},
  year={2009},
  publisher={SIAM}
}


@article{mnih2015human,
  title={Human-level control through deep reinforcement learning},
  author={Mnih, Volodymyr and Kavukcuoglu, Koray and Silver, David and Rusu, Andrei A and Veness, Joel and Bellemare, Marc G and Graves, Alex and Riedmiller, Martin and Fidjeland, Andreas K and Ostrovski, Georg and others},
  journal={Nature},
  volume={518},
  number={7540},
  pages={529--533},
  year={2015},
  publisher={Nature Research}
}

@article{lillicrap2015continuous,
  title={Continuous control with deep reinforcement learning},
  author={Lillicrap, Timothy P and Hunt, Jonathan J and Pritzel, Alexander and Heess, Nicolas and Erez, Tom and Tassa, Yuval and Silver, David and Wierstra, Daan},
  journal={arXiv preprint arXiv:1509.02971},
  year={2015}
}





@article{kober2013reinforcement,
  title={Reinforcement learning in robotics: A survey},
  author={Kober, Jens and Bagnell, J Andrew and Peters, Jan},
  journal={The International Journal of Robotics Research},
  volume={32},
  number={11},
  pages={1238--1274},
  year={2013},
  publisher={SAGE Publications Sage UK: London, England}
}

@article{dann2014policy,
  title={Policy evaluation with temporal differences: a survey and comparison.},
  author={Dann, Christoph and Neumann, Gerhard and Peters, Jan},
  journal={Journal of Machine Learning Research},
  volume={15},
  number={1},
  pages={809--883},
  year={2014}
}

@article{tsitsiklis1997analysis,
  title={An analysis of temporal-difference learning with function approximation},
  author={Tsitsiklis, John N and Van Roy, Benjamin and others},
  journal={IEEE transactions on automatic control},
  volume={42},
  number={5},
  pages={674--690},
  year={1997}
}


@article{sutton1988learning,
  title={Learning to predict by the methods of temporal differences},
  author={Sutton, Richard S},
  journal={Machine learning},
  volume={3},
  number={1},
  pages={9--44},
  year={1988},
  publisher={Springer}
}

@article{bahdanau2016actor,
  title={An actor-critic algorithm for sequence prediction},
  author={Bahdanau, Dzmitry and Brakel, Philemon and Xu, Kelvin and Goyal, Anirudh and Lowe, Ryan and Pineau, Joelle and Courville, Aaron and Bengio, Yoshua},
  journal={arXiv preprint arXiv:1607.07086},
  year={2016}
}


@book{levin2009markov,
  title={Markov chains and mixing times},
  author={Levin, David Asher and Peres, Yuval and Wilmer, Elizabeth Lee},
  year={2009},
  publisher={American Mathematical Soc.}
}

@article{silver2016mastering,
  title={Mastering the game of Go with deep neural networks and tree search},
  author={Silver, David and Huang, Aja and Maddison, Chris J and Guez, Arthur and Sifre, Laurent and Van Den Driessche, George and Schrittwieser, Julian and Antonoglou, Ioannis and Panneershelvam, Veda and Lanctot, Marc and others},
  journal={Nature},
  volume={529},
  number={7587},
  pages={484--489},
  year={2016},
  publisher={Nature Publishing Group}
}

@inproceedings{tagorti2015rate,
	title={On the Rate of Convergence and Error Bounds for LSTD ( $ lambda $)},
	author={Tagorti, Manel and Scherrer, Bruno},
	booktitle={Proceedings of the 32nd International Conference on Machine Learning (ICML-15)},
	pages={1521--1529},
	year={2015}
}
@article{lazaric2012finite,
	title={Finite-sample analysis of least-squares policy iteration},
	author={Lazaric, Alessandro and Ghavamzadeh, Mohammad and Munos, R{\'e}mi},
	journal={Journal of Machine Learning Research},
	volume={13},
	number={Oct},
	pages={3041--3074},
	year={2012}
}


@phdthesis{lin1993reinforcement,
	title={Reinforcement learning for robots using neural networks},
	author={Lin, Long-Ji},
	year={1993},
	school={Fujitsu Laboratories Ltd}
}

@incollection{durrett2016poisson,
	title={Poisson Processes},
	author={Durrett, Richard},
	booktitle={Essentials of Stochastic Processes},
	pages={95--124},
	year={2016},
	publisher={Springer}
}


@inproceedings{yu2015convergence,
	title={On Convergence of Emphatic Temporal-Difference Learning},
	author={Yu, H},
	booktitle={Proceedings of The 28th Conference on Learning Theory},
	pages={1724--1751},
	year={2015}
}

@article{nemirovski2004prox,
	title={Prox-method with rate of convergence O (1/t) for variational inequalities with Lipschitz continuous monotone operators and smooth convex-concave saddle point problems},
	author={Nemirovski, Arkadi},
	journal={SIAM Journal on Optimization},
	volume={15},
	number={1},
	pages={229--251},
	year={2004},
	publisher={SIAM}
}
